@article{Airsim_paper,
  author    = {Shital Shah and
               Debadeepta Dey and
               Chris Lovett and
               Ashish Kapoor},
  title     = {AirSim: High-Fidelity Visual and Physical Simulation for Autonomous
               Vehicles},
  journal   = {CoRR},
  volume    = {abs/1705.05065},
  year      = {2017},
  url       = {http://arxiv.org/abs/1705.05065},
  archivePrefix = {arXiv},
  eprint    = {1705.05065},
  timestamp = {Mon, 13 Aug 2018 16:46:28 +0200},
  biburl    = {https://dblp.org/rec/bib/journals/corr/ShahDLK17},
  bibsource = {dblp computer science bibliography, https://dblp.org}
}

@article{Sim4CV_paper,
  author    = {Matthias Mueller and
               Vincent Casser and
               Jean Lahoud and
               Neil Smith and
               Bernard Ghanem},
  title     = {UE4Sim: {A} Photo-Realistic Simulator for Computer Vision Applications},
  journal   = {CoRR},
  volume    = {abs/1708.05869},
  year      = {2017},
  url       = {http://arxiv.org/abs/1708.05869},
  archivePrefix = {arXiv},
  eprint    = {1708.05869},
  timestamp = {Mon, 13 Aug 2018 16:48:37 +0200},
  biburl    = {https://dblp.org/rec/bib/journals/corr/abs-1708-05869},
  bibsource = {dblp computer science bibliography, https://dblp.org}
}

@article{Zhang2016BenefitOL,
  title={Benefit of large field-of-view cameras for visual odometry},
  author={Zichao Zhang and Henri Rebecq and Christian Forster and Davide Scaramuzza},
  journal={2016 IEEE International Conference on Robotics and Automation (ICRA)},
  year={2016},
  pages={801-808}
}

@inproceedings{endoscopypano,
author = {Patrice Roulet and Pierre Konen and Mathieu Villegas and Simon Thibault and Pierre Y. Garneau},
title = {360$^{\circ}$ endoscopy using panomorph lens technology},
booktitle = {Conference Proceedings of SPIE},
journal = {Proc.SPIE},
volume = {7558},
number = {},
year = {2010},
doi = {10.1117/12.842417},
URL = {https://doi.org/10.1117/12.842417},
eprint = {}
}

@online{GPSaccuracy,
author      = {{National Coordination Office for Space-Based Positioning, Navigation, and Timing}},
title       = {GPS Accuracy},
date        = {2016-01-14},
url         = {https://www.gps.gov/systems/gps/performance/accuracy/}
}

@inproceedings{SVOpaper, 
author={C. Forster and M. Pizzoli and D. Scaramuzza}, 
booktitle={2014 IEEE International Conference on Robotics and Automation (ICRA)}, 
title={SVO: Fast semi-direct monocular visual odometry}, 
date={2014-05}, 
volume={}, 
number={}, 
pages={15-22}, 
keywords={autonomous aerial vehicles;control engineering computing;distance measurement;embedded systems;motion estimation;probability;robot vision;stereo image processing;fast semidirect monocular visual odometry;open-source software;consumer laptop;onboard embedded computer;GPS-denied environments;micro-aerial-vehicle state-estimation;high frame-rate motion estimation;3D points;outlier measurements;probabilistic mapping method;subpixel precision;pixel intensities;SVO;Cameras;Three-dimensional displays;Feature extraction;Robustness;Motion estimation;Tracking;Optimization}, 
doi={10.1109/ICRA.2014.6906584}, 
ISSN={1050-4729}
}

@online{raytraceblog,
author      = {Brian Caulfield},
title       = {What's the Difference Between Ray Tracing and Rasterization?},
data        = {2018-03-19},
url         = {https://blogs.nvidia.com/blog/2018/03/19/whats-difference-between-ray-tracing-rasterization/}
}

@INPROCEEDINGS{carsmovie, 
author      = {P. H. Christensen and J. Fong and D. M. Laur and D. Batali}, 
booktitle   = {2006 IEEE Symposium on Interactive Ray Tracing}, 
title       = {Ray Tracing for the Movie `Cars'}, 
year        = {2006}, 
volume      = {}, 
number      = {}, 
pages       = {1-6}, 
keywords    = {cache storage;cinematography;computational geometry;humanities;image texture;ray tracing;rendering (computer graphics);ray tracing;extended Pixar RenderMan renderer;multiresolution geometry;texture caches;movie-quality rendering;scanline rendering algorithms;Pixar Cars movie;Ray tracing;Motion pictures;Layout;Rendering (computer graphics);Optical reflection;Geometry;Production;Testing;Animation;Tiles}, 
doi         = {10.1109/RT.2006.280208}, 
ISSN        = {}, 
month       = {Sept},
}

@inproceedings{wald2009state,
title           = {State of the art in ray tracing animated scenes},
author          = {Wald, Ingo and Mark, William R and G{\"u}nther, Johannes and Boulos, Solomon and Ize, Thiago and Hunt, Warren and Parker, Steven G and Shirley, Peter},
booktitle       = {Computer graphics forum},
volume          = {28},
number          = {6},
pages           = {1691--1722},
year            = {2009},
organization    = {Wiley Online Library}
}

@article{wachter2006instant,
title       = {Instant ray tracing: The bounding interval hierarchy.},
author      = {W{\"a}chter, Carsten and Keller, Alexander},
journal     = {Rendering Techniques},
volume      = {2006},
pages       = {139--149},
year        = {2006}
}

@online{NvidiaConference,
title           = {NVIDIA GeForce RTX - Official Launch Event},
date            = {2018-08-20},
organization    = {NVIDIA Corporation},
author          = {Jensen Huang},
url             = {https://www.youtube.com/watch?v=Mrixi27G9yM},
note            = {Youtube video published by the NVIDIA GeForce channel},
}